@article{FuzzySets_NewApproach,
  author    = "Lotfali Askar Zadeh",
  title     = "Outline of A New Approach to the Analysis of of Complex Systems and Decision Processes",
  journal   = "Fuzzy Logic",
  year      = "1973",
},
@article{FuzzySets_Algo,
  author    = "Lotfali Askar Zadeh",
  title     = "Fuzzy algorithms",
  year      = "1968",
},
﻿@article {INT:INT4550030208,
  author = {Negoita, Constantin},
  title = {Fuzzy sets and applications: Selected papers by L. A. Zadeh, R. Yager, S. Ovchinnokov, R. Tong, and H. Nguyen (Eds.), Wiley, New York, 1987, 684 p.},
  journal = {International Journal of Intelligent Systems},
  volume = {3},
  number = {2},
  publisher = {Wiley Subscription Services, Inc., A Wiley Company},
  issn = {1098-111X},
  url = {http://dx.doi.org/10.1002/int.4550030208},
  doi = {10.1002/int.4550030208},
  pages = {203--204},
  year = {1988},
},
@article {ling_vars_zadeh,
  author = "Lotfali Askar Zadeh",
  title = "The Concept of a Linguistic Variable and its Application to Approximate Reasoning-I",
  year = {1975},
},
@article {human_comfort,
  author = {"Michael Boduch", "Warren Fincher"},
  title = "Standards of Human Comfort"
},
@conference{DisruptiveCivilTechnologies,
    title     = "Six Technologies with Potential Impacts on US Interests out to 2025",
    booktitle = "Disruptive Civil Technologies",
    year      = "2008",
    publisher= "National Intelligence Council",
},

@MISC{website:espressifdesc,
      author = "ESP8266",
      title = "http://espressif.com/en/products/esp8266/",
},
@MISC{website:esppicture,
      title = "ESP8266 WiFi Serial Module, http://is.gd/Jiv6jk",
},
@MISC{website:nodemcu,
      author = "NodeMCU",
      title = "http://www.nodemcu.com/",
},
@MISC{website:espruino,
      author = "Espruino",
      title = "http://www.espruino.com/",
},

@MISC{website:attiny85,
      author = "Attiny85",
      title = "http://is.gd/wV8aIA",
},
@MISC{website:attiny85pic,
      author = "Attiny85",
      title = "http://thomastesla.com/mcu\_class/",
},
@MISC{website:attiny85program,
      title = "How to program an Attiny85, http://highlowtech.org/?p=1695"
},
@article{FuzzySets,
  author    = "Lotfali Askar Zadeh",
  title     = "Fuzzy Sets",
  journal   = "Fuzzy Logic",
  year      = "1965",
},
@MISC{website:defuzzimg,
      author = "Defuzzification",
      title = "http://commons.wikimedia.org/",
},
@MISC{website:manchester,
      author = "Manchester",
      title = "http://mchr3k.github.io/arduino-libs-manchester/",
},
@manual{datasheet:radio_tx,
  title   = "Low Power Sub-1 GHz RF Transmitter",
  organization = "Texas Instruments",
  address  = "http://www.ti.com/lit/ds/swrs037b/swrs037b.pdf",
},

@manual{datasheet:dht22,
  title   = "DHT22 Temperature and Humidity sensor",
  organization = "AOSONG",
  address  = "http://akizukidenshi.com/download/ds/aosong/AM2302.pdf",
},
@manual{datasheet:attiny85,
  title   = "Attiny85 microcontroller",
  organization = "Atmel",
  address  = "http://is.gd/wV8aIA",
},
@MISC{website:rf_tx_rx_img,
      author = "MX-05CV",
      title = "http://is.gd/EubB0H",
},
@misc{website:attiny_sleep_tests,
      author = "Nathan Seidle",
      title = "Low power Attiny85, https://learn.sparkfun.com/tutorials/h2ohno/low-power-attiny"
},
@misc{website:dht22_library,
      title = "DHT-sensor-library, https://github.com/adafruit/DHT-sensor-library"
},
@manual{datasheet:atmega328,
  title   = "Atmega328P-PU microcontroller",
  organization = "Atmel",
  address  = "http://is.gd/ef7Fyq",
}
@misc{website:softserial,
      title = "SoftwareSerial Library, http://www.arduino.cc/en/Reference/SoftwareSerial"
},
@manual{datasheet:esp8266_api,
  title   = "ESP8266 Wireless module API",
  organization = "Espressif",
  address  = "http://is.gd/H0otjK",
},
@misc{website:httpclient_lib,
      title = "ESP8266 esphttpcliennt, https://github.com/Caerbannog/esphttpclient"
},
@misc{website:humidex,
      title = "Humidex, http://is.gd/LlHNw3"
},
@conference{DisruptiveCivilTechnologiesAppendix,
    title     = "APPENDIX F: THE INTERNET OF THINGS (BACKGROUND) ",
    booktitle = "Disruptive Civil Technologies",
    year      = "2008",
    publisher= "National Intelligence Council",
},
@book{zadeh1996fuzzy,
  title={Fuzzy Sets, Fuzzy Logic, and Fuzzy Systems: Selected Papers},
  author={Zadeh, L.A. and Klir, G.J. and Yuan, B.},
  isbn={9789810224219},
  lccn={96011991},
  series={Advances in fuzzy systems : applications and theory},
  url={https://books.google.ro/books?id=wu0dMiIHwJkC},
  year={1996},
  publisher={World Scientific}
},
@book{FuzzyLogicMassUse,
  title={Fuzzy Logic and its Practical use in Mass Transit Systems},
  author={Samuel E. Kisko},
  url={http://skisko.blogspot.ro/2005/06/fuzzy-logic-and-its-practical-use-in.html},
},
@article {ling_vars_zadeh,
  author = "Lotfali Askar Zadeh",
  title = "The Concept of a Linguistic Variable and its Application to Approximate Reasoning-I",
  year = {1975},
},
@article{FuzzyTempControl,
  title={Fuzzy Logic Controller for Temperature Regulation Process},
  author={Ramanathan, P},
  url={http://www.idosi.org/mejsr/mejsr20(11)14/35.pdf},
},
@article{FuzzyAppliences,
  title={A Fuzzy-Logic Thermostat},
  author={Constantin von Altrock},
  url={http://www.fuzzytech.com/e/e\_a\_esa.html},
},
@article{FuzzyAutomotive,
  title={Fuzzy Logic in Automotive Engineering},
  author={Constantin von Altrock},
  url={http://is.gd/4JXXGX},
},
@MISC{website:nest,
      author = "Nest",
      title = "https://nest.com/thermostat/life-with-nest-thermostat/",
},
@MISC{website:nestsaving,
      author = "Nest",
      title = "https://nest.com/thermostat/saving-energy/",
},
@article{IoTThing,
  author    = "Kevin Ashton",
  title     = "That 'Internet of Things' ThingFuzzy Sets",
  journal   = "RFID Journal",
  year      = "2009",
},
@article{CERPIOT,
  author    = "Harald Sundmaeker, Patrick Guillemin, Peter Friess, Sylvie Woelfflé",
  title     = "Vision and Challenges for Realising the Internet of Things",
  year      = "2010",
},
@misc{website:humidex,
      title = "Humidex, http://is.gd/LlHNw3"
},
@MISC{website:nestos,
      title = "Open source Nest alternative, http://commons.wikimedia.org/",
},
@article {human_comfort,
  author = {"Michael Boduch", "Warren Fincher"},
  title = "Standards of Human Comfort"
},
@article{FuzzyLogicIOT,
  author    = "Candale Andrei",
  title     = "Fuzzy logic-based IoT enabled thermostat",
  journal   = "Sesiunea de Comunicari Stiintifice ale Studentilor, Cluj-Napoca (Romania)",
  year      = "2015",
},
http://enpub.fulton.asu.edu/powerzone/loadforecast/fuzzy.htm
@MISC{website:mf_types,
      title = "Short Term Load Forecasting Using Neural Networks and Fuzzy Logic, http://enpub.fulton.asu.edu/powerzone/loadforecast/fuzzy.htm",
},
@MISC{website:fuzzy_ctr_sys,
      title = "Fuzzy Control Systems, https://en.wikipedia.org/wiki/Fuzzy\_control\_system",
},
@MISC{website:tokopedia,
      title = "DHT22 , https://www.tokopedia.com/",
},
