@conference{DisruptiveCivilTechnologies,
    title     = "Six Technologies with Potential Impacts on US Interests out to 2025",
    booktitle = "Disruptive Civil Technologies",
    year      = "2008",
    publisher= "National Intelligence Council",
},

@MISC{website:espressifdesc,
      author = "ESP8266",
      title = "http://espressif.com/en/products/esp8266/",
},
@MISC{website:esppicture,
      title = "ESP8266 WiFi Serial Module, http://is.gd/Jiv6jk",
},
@MISC{website:nodemcu,
      author = "NodeMCU",
      title = "http://www.nodemcu.com/",
},
@MISC{website:espruino,
      author = "Espruino",
      title = "http://www.espruino.com/",
},

@MISC{website:attiny85,
      author = "Attiny85",
      title = "http://is.gd/wV8aIA",
},
@MISC{website:attiny85pic,
      author = "Attiny85",
      title = "http://thomastesla.com/mcu\_class/",
},
@MISC{website:attiny85program,
      title = "How to program an Attiny85, http://highlowtech.org/?p=1695"
},
@article{FuzzySets,
  author    = "Lotfali Askar Zadeh",
  title     = "Fuzzy Sets",
  journal   = "Fuzzy Logic",
  year      = "1965",
},
@MISC{website:defuzzimg,
      author = "Defuzzification",
      title = "http://commons.wikimedia.org/",
},
@MISC{website:manchester,
      author = "Manchester",
      title = "http://mchr3k.github.io/arduino-libs-manchester/",
},
@manual{datasheet:radio_tx,
  title   = "Low Power Sub-1 GHz RF Transmitter",
  organization = "Texas Instruments",
  address  = "http://www.ti.com/lit/ds/swrs037b/swrs037b.pdf",
},

@manual{datasheet:dht22,
  title   = "DHT22 Temperature and Humidity sensor",
  organization = "AOSONG",
  address  = "http://akizukidenshi.com/download/ds/aosong/AM2302.pdf",
},
@manual{datasheet:attiny85,
  title   = "Attiny85 microcontroller",
  organization = "Atmel",
  address  = "http://is.gd/wV8aIA",
},
@MISC{website:rf_tx_rx_img,
      author = "MX-05CV",
      title = "http://is.gd/EubB0H",
},
@misc{website:attiny_sleep_tests,
      author = "Nathan Seidle",
      title = "Low power Attiny85, https://learn.sparkfun.com/tutorials/h2ohno/low-power-attiny"
},
@misc{website:dht22_library,
      title = "DHT-sensor-library, https://github.com/adafruit/DHT-sensor-library"
},
@manual{datasheet:atmega328,
  title   = "Atmega328P-PU microcontroller",
  organization = "Atmel",
  address  = "http://is.gd/ef7Fyq",
},
@misc{website:softserial,
      title = "SoftwareSerial Library, http://www.arduino.cc/en/Reference/SoftwareSerial"
},
@manual{datasheet:esp8266_api,
  title   = "ESP8266 Wireless module API",
  organization = "Espressif",
  address  = "http://is.gd/H0otjK",
},
@misc{website:httpclient_lib,
      title = "ESP8266 esphttpcliennt, https://github.com/Caerbannog/esphttpclient"
},
