@inproceedings{Aggarwal01Outlier,
	  author    = {Charu C. Aggarwal and Philip S. Yu},
	  title     = {Outlier Detection for High Dimensional Data},
	  booktitle = {SIGMOD Conference},
	  year      = {2001},
	  pages     = {37-46},
	  ee        = {http://doi.acm.org/10.1145/375663.375668, http://www.acm.org/sigs/sigmod/sigmod01/eproceedings/papers/Research-Aggarwal-Yu.pdf},
	  bibsource = {DBLP, http://dblp.uni-trier.de}
}

@inproceedings{Ankerst99OPTICS,
  author    = {Mihael Ankerst and Markus M. Breunig and Hans-Peter Kriegel and J{\"o}rg Sander},
  title     = {OPTICS: Ordering Points To Identify the Clustering Structure},
  booktitle = {SIGMOD Conference},
  year      = {1999},
  pages     = {49-60},
  ee        = {http://doi.acm.org/10.1145/304182.304187, db/conf/sigmod/AnkerstBKS99.html},
  bibsource = {DBLP, http://dblp.uni-trier.de}
}

@inbook {Ben08Encyclopedia,
title = {Bayesian Networks},
author = {Ben-Gal, Irad},
publisher = {John Wiley \& Sons, Ltd},
isbn = {9780470061572},
url = {http://dx.doi.org/10.1002/9780470061572.eqr089},
doi = {10.1002/9780470061572.eqr089},
keywords = {probabilistic graphical models, Markov models, context, causality, reasoning},
booktitle = {Encyclopedia of Statistics in Quality and Reliability},
year = {2008},
}

@inproceedings{Bersini94Hybridizing,
  author    = {Hugues Bersini and
               Jean-Michel Renders},
  title     = {Hybridizing Genetic Algorithms with Hill-Climbing Methods
               for Global Optimization: Two Possible Ways},
  booktitle = {International Conference on Evolutionary Computation},
  year      = {1994},
  pages     = {312-317},
  bibsource = {DBLP, http://dblp.uni-trier.de}
}

@article{29,
 author = {Bik, Aart J. C. and Wijshoff, Harry A. G.},
 title = {Automatic Data Structure Selection and Transformation for Sparse Matrix Computations},
 journal = {IEEE Trans. Parallel Distrib. Syst.},
 volume = {7},
 issue = {2},
 month = {February},
 year = {1996},
 issn = {1045-9219},
 pages = {109--126},
 numpages = {18},
 url = {http://dl.acm.org/citation.cfm?id=229692.229697},
 doi = {10.1109/71.485501},
 acmid = {229697},
 publisher = {IEEE Press},
 address = {Piscataway, NJ, USA},
 keywords = {Data structure selection, data structure transformations, restructuring compilers, sparse matrix computations, program transformations.},
} 

@inproceedings{30,
 author = {Bik, Aart J. C. and Wijshoff, Harry A. G.},
 title = {On Automatic Data Structure Selection and Code Generation for Sparse Computations},
 booktitle = {Proceedings of the 6th International Workshop on Languages and Compilers for Parallel Computing},
 year = {1994},
 isbn = {3-540-57659-2},
 pages = {57--75},
 numpages = {19},
 url = {http://dl.acm.org/citation.cfm?id=645671.665382},
 acmid = {665382},
 publisher = {Springer-Verlag},
 address = {London, UK},
} 


@ARTICLE{Blair94Interview,
	AUTHOR = "Betty Blair",
	TITLE = "Interview with Zadeh, Creator of Fuzzy Logic",
	JOURNAL = "Azerbaijan International",
	VOLUME = {2},
	NUMBER = {4},
	PAGES = {46-47},
	MONTH = "Winter",
	YEAR = {1994}	}

@ARTICLE{Blair94Short,
	AUTHOR = "Betty Blair",
	TITLE = "Short Biographical Sketch",
	JOURNAL = "Azerbaijan International",
	VOLUME = {2},
	NUMBER = {4},
	PAGES = {4},
	MONTH = "Winter",
	YEAR = {1994}	}

@article{Blum03Metaheuristics,
  author    = {Christian Blum and Andrea Roli},
  title     = {Metaheuristics in combinatorial optimization: Overview and conceptual comparison},
  journal   = {ACM Comput. Surv.},
  volume    = {35},
  number    = {3},
  year      = {2003},
  pages     = {268-308},
  ee        = {http://doi.acm.org/10.1145/937503.937505},
  bibsource = {DBLP, http://dblp.uni-trier.de}
}

@incollection{Catalano01Parallel,
 author = {Maria Stella Fiorenzo Catalano and Federico Malucelli},
 chapter = {Parallel randomized heuristics for the set covering problem},
 title = {Practical parallel computing},
 editor = {Paprzycki, Marcin and Tarricone, Luciano and Yang, Laurence Tianruo},
 year = {2001},
 isbn = {1-59033-127-3},
 pages = {113--132},
 numpages = {20},
 url = {http://dl.acm.org/citation.cfm?id=761889.761897},
 acmid = {761897},
 publisher = {Nova Science Publishers, Inc.},
 address = {Commack, NY, USA},
 keywords = {heuristic algorithms, parallel algorithms, randomized methods, set covering},
}

@article{libsvm,
 author = {Chang, Chih-Chung and Lin, Chih-Jen},
 title = {{LIBSVM}: A library for support vector machines},
 journal = {ACM Transactions on Intelligent Systems and Technology},
 volume = {2},
 issue = {3},
 year = {2011},
 pages = {27:1--27:27},
 note =	 {Software available at \url{http://www.csie.ntu.edu.tw/~cjlin/libsvm}}
} 

@INPROCEEDINGS{Chen04AnAdaptive,
	AUTHOR = "L. Chen and X. H. Xu and Y. X Chen",
	TITLE = "An Adaptive Ant Colony Clustering Algorithm",
	BOOKTITLE = "Machine Learning and Cybernetics, 2004. Proceedings of 2004 International Conference on, Vol. 3",
	PAGES = "1387-1392",
	ORGANIZATION = "",
	MONTH = "", 
	YEAR = {2004}	}

@INPROCEEDINGS{Chira07StigmergicOld,
	AUTHOR = "C. Chira and D. Dumitrescu and R. D. G\u{a}ceanu",
	TITLE = "Stigmergic Agent Systems for Solving NP-hard Problems",
	BOOKTITLE = "KNOWLEDGE ENGINEERING: PRINCIPLES AND TECHNIQUES Proceedings of the International Conference on Knowledge Engineering, Principles and Techniques",
	PAGES = "177-184",
	ORGANIZATION = "KEPT2007 Cluj-Napoca (Romania)",
	MONTH = "June ", 
	YEAR = {2007}	}

@ARTICLE{Chira07Stigmergic,
	AUTHOR = "C. Chira and D. Dumitrescu and R. D. G\u{a}ceanu",
	TITLE = "Stigmergic Agent Systems for Solving {NP}-hard Problems",
	JOURNAL = "Studia Informatica",
	VOLUME = {Special Issue KEPT-2007: Knowledge Engineering: Principles and Techniques (June 2007)},
	NUMBER = {},
	PAGES = {177-184},
	MONTH = "June",
	YEAR = {2007}	}

@article{chuang,
 author = {Chuang, Tyng-Ruey and Hwang, Wen L.},
 title = {A probabilistic approach to the problem of automatic selection of data representations},
 journal = {SIGPLAN Not.},
 issue_date = {June 15, 1996},
 volume = {31},
 issue = {6},
 month = {June},
 year = {1996},
 issn = {0362-1340},
 pages = {190--200},
 numpages = {11},
 url = {http://doi.acm.org/10.1145/232629.232648},
 doi = {http://doi.acm.org/10.1145/232629.232648},
 acmid = {232648},
 publisher = {ACM},
 address = {New York, NY, USA},
} 

@book{Cormen09Introduction,
  author    = {Thomas H. Cormen and
               Charles E. Leiserson and
               Ronald L. Rivest and
               Clifford Stein},
  title     = {Introduction to Algorithms (3. ed.)},
  publisher = {MIT Press},
  year      = {2009},
  isbn      = {978-0-262-03384-8},
  pages     = {I-XIX, 1-1292},
  ee        = {http://mitpress.mit.edu/catalog/item/default.asp?ttype=2{\&}tid=11866},
  bibsource = {DBLP, http://dblp.uni-trier.de}
}

@ARTICLE{Crawford11AHybrid,
	AUTHOR = "Broderick Crawford and Ricardo Soto and Eric Monfroy and Fernando Paredes and Wenceslao Palma",
	TITLE = "A hybrid Ant algorithm for the set covering problem",
	JOURNAL = "International Journal of the Physical Sciences",
	VOLUME = {6},
	NUMBER = {19},
	PAGES = {4667--4673},
	MONTH = "September 16",
	YEAR = {2011}	}

@article {Czibula11Intelligent,
   author = {Czibula, Gabriela and Czibula, Istvan and G{\u{a}}ceanu, Radu},
   affiliation = {Department of Computer Science, Babeş-Bolyai University, Cluj-Napoca, Romania},
   title = {Intelligent data structures selection using neural networks},
   journal = {Knowledge and Information Systems},
   publisher = {Springer London},
   issn = {0219-1377},
   keyword = {Computer Science},
   pages = {1-22},
   url = {http://dx.doi.org/10.1007/s10115-011-0468-3},
   note = {10.1007/s10115-011-0468-3},
}

@article {Czibula12SVM,
   author = {Czibula, Gabriela and Czibula, Istvan and G{\u{a}}ceanu, Radu},
   affiliation = {Department of Computer Science, Babeş-Bolyai University, Cluj-Napoca, Romania},
   title = {A Support Vector Machine Model For Intelligent Selection of Data Representations},
   journal = {Applied Soft Computing},
   note = {under review},

}


@INPROCEEDINGS{Deneubourg91TheDynamic,
	AUTHOR = "J. L. Deneubourg and S. Goss and N. Franks and A. Sendova-Franks and C. Detrain and L. Chretien",
	TITLE = "The Dynamic of Collective Sorting Robot-like Ants and Ant-like Robots",
	BOOKTITLE = "SAB’90 - 1st Conf. On Simulation  of Adaptive Behavior: From Animals to Animats",
	PAGES = "356-365",
	ORGANIZATION = "MIT Press",
	MONTH = "", 
	YEAR = {1991}	}

@BOOK{Dorigo04Ant,
	AUTHOR = "M. Dorigo and T. St{\"{u}}tzle",
	TITLE = "Ant Colony Optimization",
	PUBLISHER = "MIT Press",
	ADDRESS = "",
	YEAR = "2004"	}

@article{Dorigo05Ant,
	  author    = {Marco Dorigo and Christian Blum},
	  title     = {Ant colony optimization theory: A survey},
	  journal   = {Theor. Comput. Sci.},
	  volume    = {344},
	  number    = {2-3},
	  year      = {2005},
	  pages     = {243-278},
	  ee        = {http://dx.doi.org/10.1016/j.tcs.2005.05.020},
	  bibsource = {DBLP, http://dblp.uni-trier.de}
}

@ARTICLE{Dorigo07Ant,
AUTHOR = {Dorigo, M. },
TITLE  = {Ant colony optimization},
YEAR	 = {2007},
JOURNAL	= {Scholarpedia},
VOLUME  = {2},
NUMBER  = {3},
PAGES  = {1461}
}


@ARTICLE{Dumitrescu95Degenerate,
	AUTHOR = "Dan Dumitrescu and Horia Florin Pop",
	TITLE = "Degenerate and non-degenerate convex decomposition of finite fuzzy partitions --- {I}",
	JOURNAL = "Fuzzy Sets and Systems",
	VOLUME = {73},
	NUMBER = {},
	PAGES = {365-376},
	MONTH = "",
	YEAR = {1995}	}

@ARTICLE{Dumitrescu98Degenerate,
	AUTHOR = "Dan Dumitrescu and Horia Florin Pop",
	TITLE = "Degenerate and non-degenerate convex decomposition of finite fuzzy partitions --- {II}",
	JOURNAL = "Fuzzy Sets and Systems",
	VOLUME = {96},
	NUMBER = {},
	PAGES = {111-118},
	MONTH = "",
	YEAR = {1998}	}

@incollection{Ester09Density,
  author    = {Martin Ester},
  title     = {Density-based Clustering},
  booktitle = {Encyclopedia of Database Systems},
  year      = {2009},
  pages     = {795-799},
  ee        = {http://dx.doi.org/10.1007/978-0-387-39940-9_605},
  bibsource = {DBLP, http://dblp.uni-trier.de}
}

@INPROCEEDINGS{Etzioni96Moving,
	AUTHOR = "O. Etzioni",
	TITLE = "Moving up the information food chain: deploying softbots on the World Wide Web",
	BOOKTITLE = "Proceedings of the 13rd national Conference on Artificial Intelligence (AAAI- 96)",
	PAGES = "4-8",
	ORGANIZATION = "Portland, OR",
	MONTH = "", 
	YEAR = {1996}	}

@BOOK{Finin97Kqml,
	AUTHOR = "T. Finin and Y. Labrou and J. Mayfield",
	TITLE = "Kqml as an Agent Communication Language",
	PUBLISHER = "Software Agents, B.M. Jeffrey, MIT Press",
	ADDRESS = "",
	YEAR = "1997"	}

@INPROCEEDINGS{Forth00AnExperiment,
	AUTHOR = "Kilian Foth and Wolfgang Menzel and Horia Florin Pop and Ingo Schr{\"{o}}der",
	TITLE = "An Experiment on Incremental Analysis Using Robust Parsing Techniques",
	BOOKTITLE = "The 18th International Conference on Computational Linguistics",
	PAGES = "1026-1030",
	ORGANIZATION = "Universit{\"{a}}t des Saarlandes, Saarbr{\"{u}}cken, Germany",
	MONTH = "July-August", 
	YEAR = {2000}	}

@INPROCEEDINGS{Gaceanu10AnAdaptive,
	author    = "R. D.  G{\u{a}}ceanu and H. F. Pop",
	TITLE = "An Adaptive Fuzzy Agent Clustering Algorithm for Search Engines",
	BOOKTITLE = "MACS2010: Proceedings of the 8th Joint Conference on Mathematics and Computer Science",
	PAGES = "185--196",
	ORGANIZATION = "Komarno, Slovakia",
	MONTH = "", 
	YEAR = {2010}	}

@INPROCEEDINGS{Gaceanu11Using,
	author    = "R. D.  G{\u{a}}ceanu and G. Orb{\'{a}}n",
	TITLE = "Using RSL to Describe the Stock Exchange Domain",
	BOOKTITLE = "microCAD International Scientific Conference",
	PAGES = "",
	ORGANIZATION = "University of Miskolc, Hungary",
	MONTH = "31 March -- 1 April", 
	YEAR = {2011}	}

@article{Gaceanu11ABio,
title = "A Bio-inspired Fuzzy Agent Clustering Algorithm for Search Engines",
journal = "Procedia Computer Science",
volume = "7",
number = "0",
pages = "305 - 307",
year = "2011",
note = "Proceedings of the 2nd European Future Technologies Conference and Exhibition 2011 (FET 11)",
issn = "1877-0509",
doi = "10.1016/j.procs.2011.09.060",
url = "http://www.sciencedirect.com/science/article/pii/S187705091100620X",
author = "Radu D. G{\u{a}}ceanu",
keywords = "Ants Sleeping Model",
keywords = "Fuzzy logic",
keywords = "Clustering"
}

@article{Gaceanu11AContext,
  author    = "R. D.  G{\u{a}}ceanu and H. F. Pop",
  title     = "A context-aware {ASM}-based clustering algorithm",
  journal   = "Studia Universitatis Babes-Bolyai Series Informatica",
  volume    = "LVI",
  number    = "2",
  year      = "2011",
  pages     = "55-61",
  ee        = {},
  bibsource = {}
}

@INPROCEEDINGS{Gaceanu11AFuzzy,
	author    = "R. D.  G{\u{a}}ceanu and H. F. Pop",
	TITLE = "A Fuzzy Clustering Algorithm for Dynamic Environments",
	BOOKTITLE = "KEPT2011: Knowledge Engineering Principles and Techniques, Selected Papers, Eds: M. Frentiu, H.F. Pop, S. Motogna",
	PAGES = "119--130",
	ORGANIZATION = "Babes-Bolyai University, Cluj-Napoca, Romania",
	MONTH = "July 4--6", 
	YEAR = {2011}	}


@INPROCEEDINGS{Gaceanu11AnIncremental,
	author    = "R. D.  G{\u{a}}ceanu and H. F. Pop",
	TITLE = "An Incremental {ASM}-based Fuzzy Clustering Algorithm",
	BOOKTITLE = "Informatics'2011, Slovakia, i'11:Proceedings of the Eleventh International Conference on Informatics, Informatics 2011, Eds: V. Novitzk{\'{a}}, {\u{S}}tefan Hud{\'{a}}k",
	PAGES = "198--204",
	ORGANIZATION = "Slovak Society for Applied Cybernetics and Informatics, Ro{\u{z}}{\u{n}}ava, Slovakia",
	MONTH = "November 16--18",
	YEAR = {2011}	}

@INPROCEEDINGS{Gaceanu12SCPConf,
	author    = "R. D.  G{\u{a}}ceanu and H. F. Pop",
	TITLE = "An Incremental Clustering Approach to the Set Covering Problem",
	BOOKTITLE = "MACS2012: Proceedings of the 9th Joint Conference on Mathematics and Computer Science",
	PAGES = "",
	ORGANIZATION = "Si{\'{o}}fok, Hungary",
	MONTH = "", 
	YEAR = {2012}	}

@article{Gaceanu12SCP,
  author    = "R. D.  G{\u{a}}ceanu and H. F. Pop",
  title     = "An Incremental Approach to the Set Covering Problem",
  journal   = "Studia Universitatis Babes-Bolyai Series Informatica",
  volume    = "LVIII",
  number    = "2",
  year      = "2012",
  pages     = "",
  ee        = {},
  bibsource = {}
}


@book{geisser,
  title={Predictive inference: an introduction},
  author={Geisser, S.},
  isbn={9780412034718},
  lccn={lc92039408},
  series={Monographs on statistics and applied probability},
  url={http://books.google.ro/books?id=wfdlBZ\_iwZoC},
  year={1993},
  publisher={Chapman \& Hall}
}

@INPROCEEDINGS{Gouwanda08Evolutionary,
	author    = "Darwin Gouwanda and S. G. Ponnambalam",
	TITLE = "Evolutionary Search Techniques to Solve Set Covering Problems",
	BOOKTITLE = "World Academy of Science, Engineering and Technology",
	PAGES = "20-26",
	ORGANIZATION = "WASET",
	MONTH = "March",
	YEAR = {2008}	}

@article{George09Spatio,
  author    = {Betsy George and
               James M. Kang and
               Shashi Shekhar},
  title     = {Spatio-Temporal Sensor Graphs (STSG): A data model for the
               discovery of spatio-temporal patterns},
  journal   = {Intell. Data Anal.},
  volume    = {13},
  number    = {3},
  year      = {2009},
  pages     = {457-475},
  ee        = {http://dx.doi.org/10.3233/IDA-2009-0376},
  bibsource = {DBLP, http://dblp.uni-trier.de}
}

@article{Glover89Tabu,
  	author    = {Fred Glover},
	  title     = {Tabu Search - Part {I}},
	  journal   = {INFORMS Journal on Computing},
	  volume    = {1},
	  number    = {3},
	  year      = {1989},
	  pages     = {190-206},
	  ee        = {http://dx.doi.org/10.1287/ijoc.1.3.190},
	  bibsource = {DBLP, http://dblp.uni-trier.de}
}

@article{Glover90Tabu,
	  author    = {Fred Glover},
	  title     = {Tabu Search - Part {II}},
	  journal   = {INFORMS Journal on Computing},
	  volume    = {2},
	  number    = {1},
	  year      = {1990},
	  pages     = {4-32},
	  ee        = {http://dx.doi.org/10.1287/ijoc.2.1.4},
	  bibsource = {DBLP, http://dblp.uni-trier.de}
}

@inproceedings{Guillaume10Interpretable,
  author    = {Serge Guillaume and
               Brigitte Charnomordic},
  title     = {Interpretable fuzzy inference systems for cooperation of
               expert knowledge and data in agricultural applications using
               FisPro},
  booktitle = {FUZZ-IEEE},
  year      = {2010},
  pages     = {1-8},
  ee        = {http://dx.doi.org/10.1109/FUZZY.2010.5584673},
  crossref  = {DBLP:conf/fuzzIEEE/2010},
  bibsource = {DBLP, http://dblp.uni-trier.de}
}

@article{Haghighi09Context,
  author    = {Pari Delir Haghighi and
               Arkady B. Zaslavsky and
               Shonali Krishnaswamy and
               Mohamed Medhat Gaber and
               Seng Wai Loke},
  title     = {Context-aware adaptive data stream mining},
  journal   = {Intell. Data Anal.},
  volume    = {13},
  number    = {3},
  year      = {2009},
  pages     = {423-434},
  ee        = {http://dx.doi.org/10.3233/IDA-2009-0374},
  bibsource = {DBLP, http://dblp.uni-trier.de}
}

@article{Hall09Weka,
  author    = {Mark Hall and
               Eibe Frank and
               Geoffrey Holmes and
               Bernhard Pfahringer and
               Peter Reutemann and
               Ian H. Witten},
  title     = {The WEKA data mining software: an update},
  journal   = {SIGKDD Explorations},
  volume    = {11},
  number    = {1},
  year      = {2009},
  pages     = {10-18},
  ee        = {http://doi.acm.org/10.1145/1656274.1656278},
  bibsource = {DBLP, http://dblp.uni-trier.de}
}

@BOOK{Han06DataMining,
	AUTHOR = "Jiawei Han and Micheline Kamber",
	TITLE = "Data Mining: Concepts and Techniques, 2nd ed.",
	PUBLISHER = "Morgan Kaufmann",
	ADDRESS = "",
	YEAR = "2006"	}

@book{Han01Spatial,
    author = {J. Han and M. Kamber and A. K. H. Tung},
    booktitle = {Geographic Data Mining and Knowledge Discovery},
    citeulike-article-id = {2855241},
    keywords = {clustering, spatial, survey},
    posted-at = {2008-06-01 19:25:12},
    priority = {2},
    publisher = {Taylor and Francis},
    title = {{Spatial Clustering Methods in Data Mining: A Survey}},
     year = {2001}
}

@inproceedings{Hassan08Friends,
  author    = {Samer Hassan and
               Mauricio Salgado and
               Juan Pav{\'o}n},
  title     = {Friends Forever: Social Relationships with a Fuzzy Agent-Based
               Model},
  booktitle = {HAIS},
  year      = {2008},
  pages     = {523-532},
  ee        = {http://dx.doi.org/10.1007/978-3-540-87656-4_65},
  crossref  = {DBLP:conf/hais/2008},
  bibsource = {DBLP, http://dblp.uni-trier.de}
}

@book{Holland75Adaption,
  address = {Ann Arbor, MI},
  author = {John H. Holland},
  interhash = {5556ff81387180d09ef7583ae68dd32f},
  intrahash = {c29f3ed4d5bbe62a26e61a0e786e176a},
  note = {second edition, 1992},
  publisher = {University of Michigan Press},
  title = {Adaptation in Natural and Artificial Systems},
  year = 1975,
  timestamp = {2009-06-26T15:25:19.000+0200},
  keywords = {imported},
  added-at = {2009-06-26T15:25:19.000+0200},
  description = {diverse cognitive systems bib},
  biburl = {http://www.bibsonomy.org/bibtex/2c29f3ed4d5bbe62a26e61a0e786e176a/butz}
}

@misc{Hsu00APractical,
    author = {Chih-Wei Hsu and Chih-Chung Chang and Chih-Jen Lin},
    citeulike-article-id = {530846},
    citeulike-linkout-0 = {http://citeseerx.ist.psu.edu/viewdoc/summary?doi=10.1.1.6.3096},
    keywords = {classification, svm},
    posted-at = {2008-04-25 18:15:33},
    priority = {2},
    title = {A Practical Guide to Support Vector Classification},
    url = {http://citeseerx.ist.psu.edu/viewdoc/summary?doi=10.1.1.6.3096},
    year = {2000}
}


@article{Karypis99Chameleon,
  author    = {George Karypis and Eui-Hong Han and Vipin Kumar},
  title     = {Chameleon: Hierarchical Clustering Using Dynamic Modeling},
  journal   = {IEEE Computer},
  volume    = {32},
  number    = {8},
  year      = {1999},
  pages     = {68-75},
  bibsource = {DBLP, http://dblp.uni-trier.de}
}

@article{Kirkpatrick83Optimization,
  	author    = {Scott Kirkpatrick and D. Gelatt Jr. and Mario P. Vecchi},
	  title     = {Optimization by Simmulated Annealing},
	  journal   = {Science},
	  volume    = {220},
	  number    = {4598},
	  year      = {1983},
	  pages     = {671-680},
	  bibsource = {DBLP, http://dblp.uni-trier.de}
}

@BOOK{Klir95Fuzzy,
 	AUTHOR = "GEORGE J. Klir and BO Yuan",
	TITLE = "FUZZY SETS AND FUZZY LOGIC Theory and Applications",
	PUBLISHER = "Prentice Hall",
	ADDRESS = "",
	YEAR = "1995"	}

@article{Kotsiantis07Supervised,
  author    = {Sotiris B. Kotsiantis},
  title     = {Supervised Machine Learning: A Review of Classification
               Techniques},
  journal   = {Informatica (Slovenia)},
  volume    = {31},
  number    = {3},
  year      = {2007},
  pages     = {249-268},
  ee        = {http://www.informatica.si/PDF/31-3/11_Kotsiantis\%20-\%20Supervised\%20Machine\%20Learning\%20-\%20A\%20Review\%20of...pdf},
  bibsource = {DBLP, http://dblp.uni-trier.de}
}

@article{tezel,
 author = {K{\"o}knar-Tezel, Suzan and Latecki, Longin Jan},
 title = {Improving SVM classification on imbalanced time series data sets with ghost points},
 journal = {Knowl. Inf. Syst.},
 issue_date = {July 2011},
 volume = {28},
 issue = {1},
 month = {July},
 year = {2011},
 issn = {0219-1377},
 pages = {1--23},
 numpages = {23},
 url = {http://dx.doi.org/10.1007/s10115-010-0310-3},
 doi = {http://dx.doi.org/10.1007/s10115-010-0310-3},
 acmid = {2003504},
 publisher = {Springer-Verlag New York, Inc.},
 address = {New York, NY, USA},
 keywords = {Support Vector Machines, Time series},
} 

@MISC{ann2,
    author = {Ben Kröse and Ben Krose and Patrick van der Smagt and Patrick Smagt},
    title = {An introduction to Neural Networks},
    year = {1996}
}



@INPROCEEDINGS{Kumar05Fuzzy,
	AUTHOR = "Vikas Kumar and Marta Schuhmacher",
	TITLE = "Fuzzy uncertainty analysis in system modelling",
	BOOKTITLE = "European Symposium on Computer Aided Process Engineering – 15
L. Puigjaner and A. Espuña (Editors)",
	PAGES = "",
	ORGANIZATION = "",
	MONTH = "", 
	YEAR = {2005}	}

@inproceedings{ann4,
 author = {Linstrom, Kristopher R. and Boye, A. John},
 title = {A Neural Network Prediction Model for a Psychiatric Application},
 booktitle = {Proceedings of the Sixth International Conference on Computational Intelligence and Multimedia Applications},
 year = {2005},
 isbn = {0-7695-2358-7},
 pages = {36--40},
 numpages = {5},
 url = {http://dl.acm.org/citation.cfm?id=1099543.1100278},
 doi = {10.1109/ICCIMA.2005.7},
 acmid = {1100278},
 publisher = {IEEE Computer Society},
 address = {Washington, DC, USA},
} 

@inproceedings{lowrovner,
 author = {Low, James and Rovner, Paul},
 title = {Techniques for the automatic selection of data structures},
 booktitle = {Proceedings of the 3rd ACM SIGACT-SIGPLAN symposium on Principles on programming languages},
 series = {POPL '76},
 year = {1976},
 location = {Atlanta, Georgia},
 pages = {58--67},
 numpages = {10},
 url = {http://doi.acm.org/10.1145/800168.811540},
 doi = {http://doi.acm.org/10.1145/800168.811540},
 acmid = {811540},
 publisher = {ACM},
 address = {New York, NY, USA},
} 

@article{Low,
 author = {Low, James R.},
 title = {Automatic data structure selection: an example and overview},
 journal = {Commun. ACM},
 volume = {21},
 issue = {5},
 month = {May},
 year = {1978},
 issn = {0001-0782},
 pages = {376--385},
 numpages = {10},
 url = {http://doi.acm.org/10.1145/359488.359498},
 doi = {http://doi.acm.org/10.1145/359488.359498},
 acmid = {359498},
 publisher = {ACM},
 address = {New York, NY, USA},
 keywords = {abstract data types, automatic programming, data structures, lists, optimizing compilers, sets},
} 

@INPROCEEDINGS{Lumer94Diversity,
	AUTHOR = "E. Lumer and B. Faieta",
	TITLE = "Diversity and adaptation in populations of clustering ants",
	BOOKTITLE = "J.-A.Meyer, S.W.Wilson(Eds.), Proceedings of the Third International Conference on Simulation of Adaptive Behavior: From Animats, Vol.3",
	PAGES = "501-508",
	ORGANIZATION = "MIT Press/Bradford Books,Cambridge, MA",
	MONTH = "", 
	YEAR = {1994}	}

@article{Mamdani75AnExperiment,
  author    = {E. H. Mamdani and
               S. Assilian},
  title     = {An Experiment in Linguistic Synthesis with a Fuzzy Logic
               Controller},
  journal   = {International Journal of Man-Machine Studies},
  volume    = {7},
  number    = {1},
  year      = {1975},
  pages     = {1-13},
  ee        = {http://dx.doi.org/10.1016/S0020-7373(75)80002-2},
  bibsource = {DBLP, http://dblp.uni-trier.de}
}

@article{Miyake91Aneural,
  author    = {S. Miyake and F. Kanaya},
  title     = {A neural network approach to a Bayesian statistical decision problem},
  journal   = {IEEE Trans. Neural Networks},
  volume    = {2},
  number    = {},
  year      = {1991},
  pages     = {538--540},
  ee        = {},
  bibsource = {}
}

@book{mitchell,
 author = {Mitchell, Thomas M.},
 title = {Machine Learning},
 year = {1997},
 isbn = {0070428077, 9780070428072},
 edition = {1},
 publisher = {McGraw-Hill, Inc.},
 address = {New York, NY, USA},
} 

@MISC{mount,
    author = {Mount, D.M.},
    title = {Lecture notes {CMSC} 420, {D}ata {S}tructures},
    year = {2001}
}



@inproceedings{Narzisi06Multiobjective,
  author    = {Giuseppe Narzisi and
               Venkatesh Mysore and
               Bud Mishra},
  title     = {Multi-objective evolutionary optimization of agent-based
               models: An application to emergency response planning},
  booktitle = {Computational Intelligence},
  year      = {2006},
  pages     = {228-232},
  crossref  = {DBLP:conf/iastedCI/2006},
  bibsource = {DBLP, http://dblp.uni-trier.de}
}

@book{nello,
 author = {Cristianini, Nello and Shawe-Taylor, John},
 title = {An introduction to support Vector Machines: and other kernel-based learning methods},
 year = {2000},
 isbn = {0-521-78019-5},
 publisher = {Cambridge University Press},
 address = {New York, NY, USA},
} 

@inproceedings{nguyen,
 author = {Nguyen, Nam},
 title = {A New SVM Approach to Multi-instance Multi-label Learning},
 booktitle = {Proceedings of the 2010 IEEE International Conference on Data Mining},
 series = {ICDM '10},
 year = {2010},
 isbn = {978-0-7695-4256-0},
 pages = {384--392},
 numpages = {9},
 url = {http://dx.doi.org/10.1109/ICDM.2010.109},
 doi = {http://dx.doi.org/10.1109/ICDM.2010.109},
 acmid = {1934624},
 publisher = {IEEE Computer Society},
 address = {Washington, DC, USA},
 keywords = {Multi-Instance Multi-Label, Classification, SVM},
} 




@book{Papadimitriou82Combinatorial,
  author    = {Christos H. Papadimitriou and Kenneth Steiglitz},
  title     = {Combinatorial Optimization: Algorithms and Complexity},
  publisher = {Prentice-Hall},
  year      = {1982},
  isbn      = {0-13-152462-3},
  bibsource = {DBLP, http://dblp.uni-trier.de}
}

@ARTICLE{Pop96AFuzzyClassification,
	AUTHOR = "Horia Florin Pop and Costel S{\^{a}}rbu and Ossi Horowitz and Dan Dumitrescu",
	TITLE = "A Fuzzy Classification of the Chemical Elements",
	JOURNAL = "J. Chem. Inf. Comput. Sci.",
	VOLUME = {36},
	NUMBER = {},
	PAGES = {465-482},
	MONTH = "",
	YEAR = {1996}	}

@ARTICLE{Pop96aNewFuzzy,
	AUTHOR = "Horia Florin Pop and Costel S{\^{a}}rbu",
	TITLE = "A New Fuzzy Regression Algorithm",
	JOURNAL = "Anal. Chem.",
	VOLUME = {68},
	NUMBER = {},
	PAGES = {771-778},
	MONTH = "",
	YEAR = {1996}	}

@inproceedings{raykar,
 author = {Raykar, Vikas C. and Krishnapuram, Balaji and Yu, Shipeng},
 title = {Designing efficient cascaded classifiers: tradeoff between accuracy and cost},
 booktitle = {Proceedings of the 16th ACM SIGKDD international conference on Knowledge discovery and data mining},
 series = {KDD '10},
 year = {2010},
 isbn = {978-1-4503-0055-1},
 location = {Washington, DC, USA},
 pages = {853--860},
 numpages = {8},
 url = {http://doi.acm.org/10.1145/1835804.1835912},
 doi = {http://doi.acm.org/10.1145/1835804.1835912},
 acmid = {1835912},
 publisher = {ACM},
 address = {New York, NY, USA},
 keywords = {accuracy vs cost, cascade design, cost sensitive learning},
} 

@book{ann1,
 author = {Rojas, Ra\'{u}l},
 title = {Neural networks: a systematic introduction},
 year = {1996},
 isbn = {3-540-60505-3},
 publisher = {Springer-Verlag New York, Inc.},
 address = {New York, NY, USA},
} 

@book{rovner,
  title={Automatic representation selection for associative data},
  author={Rovner, P.},
  year={1978},
  publisher={Managing Requirements Knowledge, International Workshop}
}

@inbook{momentum,
 author = {Rumelhart, D. E. and Hinton, G. E. and Williams, R. J.},
 title = {Learning internal representations by error propagation},
 book = {Parallel distributed processing: explorations in the microstructure of cognition, vol. 1},
 year = {1986},
 isbn = {0-262-68053-X},
 pages = {318--362},
 numpages = {45},
 url = {http://dl.acm.org/citation.cfm?id=104279.104293},
 acmid = {104293},
 publisher = {MIT Press},
 address = {Cambridge, MA, USA},
} 


@BOOK{Russell02Artificial,
	AUTHOR = "Stuart J. Russell and Peter Norvig",
	TITLE = "Artificial Intelligence: A Modern Approach",
	PUBLISHER = "Prentice Hall",
	ADDRESS = "",
	YEAR = "2002"	}

@ARTICLE{Sarbu00FuzzyClustering,
	AUTHOR = "Costel S{\^{a}}rbu and Horia Florin Pop",
	TITLE = "Fuzzy clustering analysis of the first 10 MEIC chemicals",
	JOURNAL = "Chemosphere",
	VOLUME = {40},
	NUMBER = {},
	PAGES = {513-520},
	MONTH = "",
	YEAR = {2000}	}

@INPROCEEDINGS{Schockaert04Fuzzy,
	AUTHOR = "S. Schockaert and M. De Cock and C. Cornelis and E. E. Kerre",
	TITLE = "Fuzzy Ant Based Clustering",
	BOOKTITLE = "Ant Colony Optimization and Swarm Intelligence, 4th International Workshop (ANTS 2004), LNCS 3172",
	PAGES = "342-349",
	ORGANIZATION = "",
	MONTH = "", 
	YEAR = {2004}	}

@inproceedings{31,
 author = {Schonberg, Edmond and Schwartz, Jacob T. and Sharir, Micha},
 title = {Automatic data structure selection in SETL},
 booktitle = {Proceedings of the 6th ACM SIGACT-SIGPLAN symposium on Principles of programming languages},
 series = {POPL '79},
 year = {1979},
 location = {San Antonio, Texas},
 pages = {197--210},
 numpages = {14},
 url = {http://doi.acm.org/10.1145/567752.567771},
 doi = {http://doi.acm.org/10.1145/567752.567771},
 acmid = {567771},
 publisher = {ACM},
 address = {New York, NY, USA},
} 

@article{sch,
 author = {Schonberg, Edmond and Schwartz, Jacob T. and Sharir, Micha},
 title = {An Automatic Technique for Selection of Data Representations in SETL Programs},
 journal = {ACM Trans. Program. Lang. Syst.},
 issue_date = {April 1981},
 volume = {3},
 issue = {2},
 month = {April},
 year = {1981},
 issn = {0164-0925},
 pages = {126--143},
 numpages = {18},
 url = {http://doi.acm.org/10.1145/357133.357135},
 doi = {http://doi.acm.org/10.1145/357133.357135},
 acmid = {357135},
 publisher = {ACM},
 address = {New York, NY, USA},
} 



@MISC{Schroder02LearningWeights,
    author = {Ingo Schr{\"{o}}der and K. Giannakoglou and D. Tsahalis and J. Periaux and K. Papailiou and T. Fogarty (eds and Horia F. Pop and A Fachbereich Informatik and Wolfgang Menzel and Kilian A. Foth},
    title = {Learning Weights for a Natural Language Grammar Using Genetic Algorithms},
    year = {2002}
}



@BOOK{Serban06Sisteme,
	AUTHOR = "Gabriela {\,{S}}erban",
	TITLE = "Sisteme Mutiagent in inteligenta artificiala distribuita. Arhitecturi si aplicatii",
	PUBLISHER = " Ed. Risoprint",
	ADDRESS = "Cluj-Napoca",
	YEAR = "2006"	}

@BOOK{Serban04Tehnici,
	AUTHOR = "Gabriela {\,{S}}erban and Horia Florin Pop",
	TITLE = "Tehnici de Inteligenta Artificiala. Abordari bazate pe Agenti Inteligenti",
	PUBLISHER = " Ed. Mediamira",
	ADDRESS = "Cluj-Napoca",
	YEAR = "2004"	}

@article{ann3,
title = "Automatic speech recognition using a predictive echo state network classifier",
journal = "Neural Networks",
volume = "20",
number = "3",
pages = "414 - 423",
year = "2007",
note = "Echo State Networks and Liquid State Machines",
issn = "0893-6080",
doi = "10.1016/j.neunet.2007.04.006",
url = "http://www.sciencedirect.com/science/article/pii/S0893608007000330",
author = "Mark D. Skowronski and John G. Harris",
keywords = "Echo state network",
keywords = "Automatic speech recognition",
keywords = "Mixture of experts",
keywords = "Noise robustness"
}

@book{smola,
 author = {Scholkopf, Bernhard and Smola, Alexander J.},
 title = {Learning with Kernels: Support Vector Machines, Regularization, Optimization, and Beyond},
 year = {2001},
 isbn = {0262194759},
 publisher = {MIT Press},
 address = {Cambridge, MA, USA},
} 

@article{koh,
 author = {Somervuo, Panu and Kohonen, Teuvo},
 title = {Self-Organizing Maps and Learning Vector Quantization forFeature Sequences},
 journal = {Neural Process. Lett.},
 volume = {10},
 issue = {2},
 month = {October},
 year = {1999},
 issn = {1370-4621},
 pages = {151--159},
 numpages = {9},
 url = {http://dl.acm.org/citation.cfm?id=334097.334126},
 doi = {10.1023/A:1018741720065},
 acmid = {334126},
 publisher = {Kluwer Academic Publishers},
 address = {Hingham, MA, USA},
 keywords = {learning vector quantization, self-organizing map, sequence processing},
} 

@article{spearman,
    author = {Spearman, C.},
    citeulike-article-id = {2883889},
    citeulike-linkout-0 = {http://view.ncbi.nlm.nih.gov/pubmed/3322052},
    citeulike-linkout-1 = {http://www.hubmed.org/display.cgi?uids=3322052},
    issn = {0002-9556},
    journal = {The American journal of psychology},
    number = {3-4},
    pages = {441--471},
    pmid = {3322052},
    posted-at = {2008-06-11 22:54:43},
    priority = {2},
    title = {{The proof and measurement of association between two things. By C. Spearman, 1904.}},
    url = {http://view.ncbi.nlm.nih.gov/pubmed/3322052},
    volume = {100},
    year = {1987}
}


@article{Spinosa09Novelty,
  author    = {Eduardo J. Spinosa and Andr{\'e} Carlos Ponce de Leon Ferreira de Carvalho and Jo{\~a}o Gama},
  title     = {Novelty detection with application to data streams},
  journal   = {Intell. Data Anal.},
  volume    = {13},
  number    = {3},
  year      = {2009},
  pages     = {405-422},
  ee        = {http://dx.doi.org/10.3233/IDA-2009-0373},
  bibsource = {DBLP, http://dblp.uni-trier.de}
}

@article{wspsvm,
  author    = {K. Sreelakshmi, P. R. Kumar},
  title     = {Performance evaluation of short term wind speed prediction techniques},
  journal   = {IJCSNS International Journal of Computer Science and Network Security},
  volume    = {8},
  number    = {8},
  year      = {2008},
  pages     = {162--169},
}


@article{Steels90Components,
  author    = {Luc Steels},
  title     = {Components of Expertise},
  journal   = {AI Magazine},
  volume    = {11},
  number    = {2},
  year      = {1990},
  pages     = {28-49},
  ee        = {http://www.aaai.org/ojs/index.php/aimagazine/article/view/831},
  bibsource = {DBLP, http://dblp.uni-trier.de}
}

@book{svm,
 author = {Steinwart, Ingo and Christmann, Andreas},
 title = {Support Vector Machines},
 year = {2008},
 isbn = {0387772413},
 edition = {1st},
 publisher = {Springer Publishing Company, Incorporated},
} 

@book{sutton,
 author = {Sutton, Richard S. and Barto, Andrew G.},
 title = {Introduction to Reinforcement Learning},
 year = {1998},
 isbn = {0262193981},
 edition = {1st},
 publisher = {MIT Press},
 address = {Cambridge, MA, USA},
} 

@article{takacs,
 author = {Takacs, Balint and Demiris, Yiannis},
 title = {Spectral clustering in multi-agent systems},
 journal = {Knowl. Inf. Syst.},
 volume = {25},
 issue = {3},
 month = {December},
 year = {2010},
 issn = {0219-1377},
 pages = {607--622},
 numpages = {16},
 url = {http://dx.doi.org/10.1007/s10115-009-0272-5},
 doi = {http://dx.doi.org/10.1007/s10115-009-0272-5},
 acmid = {1891988},
 publisher = {Springer-Verlag New York, Inc.},
 address = {New York, NY, USA},
 keywords = {Multi-agent systems, Plan extraction, Plan recognition, Spatio-temporal data mining},
} 

@article{wahba, title={Generalized approximate cross validation for support vector machines, or, another way to look at margin-like quantities}, url={http://citeseerx.ist.psu.edu/viewdoc/download?doi=10.1.1.46.3683&rep=rep1&type=pdf}, number={1006}, journal={Advances in large margin classifiers}, publisher={Citeseer}, author={Wahba, G and Lin, Y and Zhang, H}, year={2000}, pages={297–309}}

@article {wang,
   author = {Wang, Lin and Yang, Bo and Chen, Yuehui and Abraham, Ajith and Sun, Hongwei and Chen, Zhenxiang and Wang, Haiyang},
   affiliation = {Shandong Provincial Key Laboratory of Network based Intelligent Computing, University of Jinan, 250022 Jinan, China},
   title = {Improvement of neural network classifier using floating centroids},
   journal = {Knowledge and Information Systems},
   publisher = {Springer London},
   issn = {0219-1377},
   keyword = {Computer Science},
   pages = {1-22},
   url = {http://dx.doi.org/10.1007/s10115-011-0410-8},
   note = {10.1007/s10115-011-0410-8},

}



@inproceedings{Wang97STING,
  author    = {Wei Wang and Jiong Yang and Richard R. Muntz},
  title     = {STING: A Statistical Information Grid Approach to Spatial
               Data Mining},
  booktitle = {VLDB},
  year      = {1997},
  pages     = {186-195},
  ee        = {db/conf/vldb/WangYM97.html},
  bibsource = {DBLP, http://dblp.uni-trier.de}
}

@PhdThesis	{Watkins89Learning,
author	=	"C. J. C. H. Watkins",
title	=	"Learning from Delayed Rewards",
school	=	"Cambridge University",
year	=	"1989",
address	=	"Cambridge, England",
}

@article{Watkins92Technical,
  author    = {Christopher J. C. H. Watkins and
               Peter Dayan},
  title     = {Technical Note Q-Learning},
  journal   = {Machine Learning},
  volume    = {8},
  year      = {1992},
  pages     = {279-292},
  ee        = {http://dx.doi.org/10.1007/BF00992698},
  bibsource = {DBLP, http://dblp.uni-trier.de}
}

@book{adt,
  title={Java collections: an introduction to abstract data types, data structures, and algorithms},
  author={Watt, D.A. and Brown, D.F.},
  isbn={9780471899785},
  lccn={00047759},
  url={http://books.google.ro/books?id=6LhQAAAAMAAJ},
  year={2001},
  publisher={John Wiley}
}


@BOOK{Wooldridge99Intelligent,
	AUTHOR = "Michael Wooldridge",
	TITLE = "Intelligent Agents, An Introduction to Multiagent Systems",
	PUBLISHER = "Ed. G. Weiss",
	ADDRESS = "",
	YEAR = "1999"	}

@book{Wooldridge09AnIntroduction,
  author    = {Michael J. Wooldridge},
  title     = {An Introduction to MultiAgent Systems (2. ed.)},
  publisher = {Wiley},
  year      = {2009},
  isbn      = {978-0-470-51946-2},
  pages     = {I-XXII, 1-461},
  bibsource = {DBLP, http://dblp.uni-trier.de}
}

@article{Yellin,
 author = {Yellin, D. M.},
 title = {Competitive algorithms for the dynamic selection of component implementations},
 journal = {IBM Syst. J.},
 volume = {42},
 issue = {1},
 month = {January},
 year = {2003},
 issn = {0018-8670},
 pages = {85--97},
 numpages = {13},
 url = {http://dx.doi.org/10.1147/sj.421.0085},
 doi = {http://dx.doi.org/10.1147/sj.421.0085},
 acmid = {1014775},
 publisher = {IBM Corp.},
 address = {Riverton, NJ, USA},
} 

@ARTICLE{Zadeh65Fuzzy,
	AUTHOR = "Lotfi Askar Zadeh",
	TITLE = "Fuzzy sets",
	JOURNAL = "Inf. Control",
	VOLUME = {8},
	NUMBER = {},
	PAGES = {338-353},
	MONTH = "",
	YEAR = {1965}	}

@inproceedings{Zadeh97TheRoles,
  author    = {Lotfi A. Zadeh},
  title     = {The Roles of Fuzzy Logic and Soft Computing in the Conception,
               Design and Deployment of Intelligent Systems},
  booktitle = {Software Agents and Soft Computing},
  year      = {1997},
  pages     = {183-190},
  ee        = {http://dx.doi.org/10.1007/3-540-62560-7_45},
  crossref  = {DBLP:conf/btlab/1997},
  bibsource = {DBLP, http://dblp.uni-trier.de}
}

@article{Zadeh02Toward,
title = "Toward a perception-based theory of probabilistic reasoning with imprecise probabilities",
journal = "Journal of Statistical Planning and Inference",
volume = "105",
number = "1",
pages = "233 - 264",
year = "2002",
note = "Imprecise Probability Models and their Applications",
issn = "0378-3758",
doi = "DOI: 10.1016/S0378-3758(01)00212-9",
url = "http://www.sciencedirect.com/science/article/pii/S0378375801002129",
author = "Lotfi A. Zadeh",
keywords = "Perception-based information",
keywords = "Fuzzy set theory",
keywords = "Fuzzy logic",
keywords = "Generalized constraints",
keywords = "Constraint languages"
}


@ARTICLE{Zadeh08IsThere,
	AUTHOR = "Lotfi Askar Zadeh",
	TITLE = "Is there a need for Fuzzy Logic",
	JOURNAL = "Information Sciences",
	VOLUME = {178},
	NUMBER = {13},
	PAGES = {2751-2779},
	MONTH = "July",
	YEAR = {2008}	}

@article{Zhang97BIRCH,
  author    = {Tian Zhang and Raghu Ramakrishnan and Miron Livny},
  title     = {BIRCH: A New Data Clustering Algorithm and Its Applications},
  journal   = {Data Min. Knowl. Discov.},
  volume    = {1},
  number    = {2},
  year      = {1997},
  pages     = {141-182},
  bibsource = {DBLP, http://dblp.uni-trier.de}
}

@article{Zhang00Neural,
  author =	"G. P. Zhang",
  title =	"Neural networks for classification: a survey",
  journal =	"IEEE Trans. Systems, Man and Cybernetics",
  volume =	"30",
  year = 	"2000",
  number =	"4",
  month =	nov,
  pages =	"451--462",
  bibsource =	"http://www.visionbib.com/bibliography/pattern647.html#TT55588",
}

@article{zhou,
 author = {Zhou, Zhi-Hua and Li, Ming},
 title = {Semi-supervised learning by disagreement},
 journal = {Knowl. Inf. Syst.},
 issue_date = {September 2010},
 volume = {24},
 issue = {3},
 month = {September},
 year = {2010},
 issn = {0219-1377},
 pages = {415--439},
 numpages = {25},
 url = {http://dx.doi.org/10.1007/s10115-009-0209-z},
 doi = {http://dx.doi.org/10.1007/s10115-009-0209-z},
 acmid = {1861271},
 publisher = {Springer-Verlag New York, Inc.},
 address = {New York, NY, USA},
 keywords = {Data mining, Disagreement-based semi-supervised learning, Semi-supervised learning},
} 

@article {zhu,
   author = {Zhu, Xingquan and Ding, Wei and Yu, Philip and Zhang, Chengqi},
   affiliation = {Centre for Quantum Computation and Intelligent Systems, Faculty of Eng. and Information Technology, Univ. of Technology, Sydney, NSW 2007, Australia},
   title = {One-class learning and concept summarization for data streams},
   journal = {Knowledge and Information Systems},
   publisher = {Springer London},
   issn = {0219-1377},
   keyword = {Computer Science},
   pages = {523-553},
   volume = {28},
   issue = {3},
   url = {http://dx.doi.org/10.1007/s10115-010-0331-y},
   note = {10.1007/s10115-010-0331-y},
   year = {2011}
}

@MISC{apache,
    key = {zzz80},
    author = {Apache software foundation},
    title = {http://www.apache.org/},
    year = {}
}

@MISC{website:iris,
    key = {zzz101},
    author = {Machine Learning Repository Iris},
    title = {http://archive.ics.uci.edu/ml/datasets/Iris},
    year = {1988}
}

@MISC{website:wine,
    key = {zzz110},
    author = {Machine Learning Repository Wine},
    title = {http://archive.ics.uci.edu/ml/datasets/Wine},
    year = {1991}
}

@MISC{forina,
    key = {zzz120},
    author = {Forina, M},
    title = {http://archive.ics.uci.edu/ml},
    year = {2010}
}

@MISC{im2,
    key = {zzz140},
    author = { Roux, J.-P.: Signal and image processing lab sample DICOM image sets.},
    title = {http://www.creatis.insa-lyon.fr/~jpr/PUBLIC/gdcm/gdcmSampleData/},
    year = {2010}
}

@MISC{im6,
    key = {zzz150},
    author = {Open source clinical image and object management},
    title = {http://www.dcm4che.org/},
    year = {2011}
}


@MISC{website:fipa.org,
    key = {zzz200},
    author = {Foundation for Intelligent Physical Agents},
    title = {http://www.fipa.org/},

}

@MISC{hl7,
    key = {zzz250},
    author = {{H}ealth {L}evel 7},
    title = {www.hl7.org/},
    year = {0}
}

@book{website:clustering,
 author = {Marsland, Stephen},
 title = {Machine Learning: An Algorithmic Perspective},
 year = {2009},
 isbn = {1420067184, 9781420067187},
 edition = {1st},
 publisher = {Chapman \& Hall/CRC},
} 

@MISC{website:clustering:old,
    key = {zzz300},
    author = {zzz:clustering},
    title = {http://home.dei.polimi.it/matteucc/Clustering/tutorial{\_}html/},
    year = {0}
}

@MISC{im4,
    key = {zzz350},
    author = {Washington State University College of Pharmacy - DICOM sample files.},
    title = {http://info.betaustur.org/},
    year = {2010}
}

@MISC{website:fuzzyinference,
    key = {zzz400},
    author = {MathWorks, Fuzzy Logic Toolbox},
    title = {\url{http://www.mathworks.com/help/toolbox /fuzzy/fp351dup8.html}}
}

@MISC{dicom,
    key = {zzz425},
    author = {{D}igital {I}maging and {C}ommunications in {M}edicine},
    title = {http://medical.nema.org/},
    year = {2011}
}

@MISC{im5,
    key = {zzz450},
    author = {DICOM home page},
    title = {ftp://medical.nema.org/medical/dicom/DataSets/},
    year = {2010}
}

@MISC{im3,
    key = {zzz470},
    author = {Patient contributed image repository},
    title = {http://www.pcir.org/},
    year = {2010}
}

@MISC{website:scp,
    key = {zzz500},
    author = {J E Beasley},
    title = {{OR-L}ibrary. http://people.brunel.ac.uk/$\sim$mastjjb/jeb/orlib /scpinfo.html},

}


@MISC{im1,
    key = {zzz700},
    author = {Osirix, Advanced Imaging in 3D/4D/5D Sample DICOM Image Sets},
    title = {http://pubimage.hcuge.ch:8080/},
    year = {2010}
}

@inproceedings{Goyal,
  author    = {Navneet Goyal, Poonam Goyal, K Venkatramaiah, Deepak P C, and Sanoop P S. },
  title     = {An Efficient Density Based Incremental Clustering Algorithm in Data
Warehousing Environment},
  booktitle = {2009 International Conference on Computer Engineering and Applications
IPCSIT vol.2 (2011), IACSIT Press, Singapore},
  year      = {2011},
  pages     = {482 -- 486}
}

@INPROCEEDINGS{DBSCAN,
    author = {Martin Ester and Hans-peter Kriegel and Jörg S and Xiaowei Xu},
    title = {A density-based algorithm for discovering clusters in large spatial databases with noise},
    booktitle = {},
    year = {1996},
    pages = {226--231},
    publisher = {AAAI Press}
}

@inproceedings{DBSCANIncremental,
 author = {Ester, Martin and Kriegel, Hans-Peter and Sander, J\"{o}rg and Wimmer, Michael and Xu, Xiaowei},
 title = {Incremental Clustering for Mining in a Data Warehousing Environment},
 booktitle = {Proceedings of the 24rd International Conference on Very Large Data Bases},
 series = {VLDB '98},
 year = {1998},
 isbn = {1-55860-566-5},
 pages = {323--333},
 numpages = {11},
 url = {http://dl.acm.org/citation.cfm?id=645924.671201},
 acmid = {671201},
 publisher = {Morgan Kaufmann Publishers Inc.},
 address = {San Francisco, CA, USA},
} 

@article{Kamble,
  author    = {A. Kamble},
  title     = {Incremental Clustering in Data Mining using Genetic Algorithm},
  journal   = {International Journal of Computer Theory and Engineering},
  volume    = {2},
  number    = {3},
  year      = {2010},
  pages     = {1793--8201},
  bibsource = {DBLP, http://dblp.uni-trier.de}
}

@book{Genetic,
 author = {Goldberg, David E.},
 title = {Genetic Algorithms in Search, Optimization and Machine Learning},
 year = {1989},
 isbn = {0201157675},
 edition = {1st},
 publisher = {Addison-Wesley Longman Publishing Co., Inc.},
 address = {Boston, MA, USA},
} 

@inproceedings{Lee02Inc,
 author = {Lee, Kyung-Soon and Kageura, Kyo and Choi, Key-Sun},
 title = {Implicit ambiguity resolution using incremental clustering in Korean-to-English cross-language information retrieval},
 booktitle = {Proceedings of the 19th international conference on Computational linguistics - Volume 1},
 series = {COLING '02},
 year = {2002},
 location = {Taipei, Taiwan},
 pages = {1--7},
 numpages = {7},
 url = {http://dx.doi.org/10.3115/1072228.1072314},
 doi = {http://dx.doi.org/10.3115/1072228.1072314},
 acmid = {1072314},
 publisher = {Association for Computational Linguistics},
 address = {Stroudsburg, PA, USA},
} 

@inproceedings{Charikar97Inc,
 author = {Charikar, Moses and Chekuri, Chandra and Feder, Tom\'{a}s and Motwani, Rajeev},
 title = {Incremental clustering and dynamic information retrieval},
 booktitle = {Proceedings of the twenty-ninth annual ACM symposium on Theory of computing},
 series = {STOC '97},
 year = {1997},
 isbn = {0-89791-888-6},
 location = {El Paso, Texas, United States},
 pages = {626--635},
 numpages = {10},
 url = {http://doi.acm.org/10.1145/258533.258657},
 doi = {http://doi.acm.org/10.1145/258533.258657},
 acmid = {258657},
 publisher = {ACM},
 address = {New York, NY, USA},
} 

@incollection {Li10Incclust,
   author = {Li, Zhenhui and Lee, Jae-Gil and Li, Xiaolei and Han, Jiawei},
   title = {Incremental Clustering for Trajectories},
   booktitle = {Database Systems for Advanced Applications},
   series = {Lecture Notes in Computer Science},
   editor = {Kitagawa, Hiroyuki and Ishikawa, Yoshiharu and Li, Qing and Watanabe, Chiemi},
   publisher = {Springer Berlin / Heidelberg},
   pages = {32-46},
   volume = {5982},
   year = {2010},
}

@article{Li11Training,
 author = {Dalong Li, Steven Simske},
 title = {Training Set Compression by Incremental Clustering},
 journal = {Journal of Pattern Recognition Research},
 volume = {6},
 issue = {1},
 year = {2011},
 pages = {56--64}
} 


@book{Hartigan75Clustering,
  title={Clustering algorithms},
  author={Hartigan, J.A.},
  isbn={9780471356455},
  lccn={74014573},
  series={Wiley series in probability and mathematical statistics. Applied probability and statistics},
  url={http://books.google.ro/books?id=cDnvAAAAMAAJ},
  year={1975},
  publisher={Wiley}
}




@inbook{tspgraph99,
 author = {Dorigo, Marco and Di Caro, Gianni},
 title = {The ant colony optimization meta-heuristic},
 book = {New ideas in optimization},
 year = {1999},
 isbn = {0-07-709506-5},
 pages = {11--32},
 numpages = {22},
 url = {http://dl.acm.org/citation.cfm?id=329055.329062},
 acmid = {329062},
 publisher = {McGraw-Hill Ltd., UK},
 address = {Maidenhead, UK, England},
} 


@inproceedings{cmpintea06,
 author = {C. M. Pintea, P. Pop, C. Chira},
 title = {Reinforcing Ant Colony System for the Generalized Traveling Salesman Problem},
 booktitle = {Volume of Evolutionary Computing, International Conference Bio-Inspired Computing - Theory and Applications (BIC-TA)},
 year = {September 18--22, 2006},
 pages = {245--252},
 publisher = {Wuhan, China},
 address = {New York, NY, USA},
} 




@MISC{tsplib,
    author = {MP-TESTDATA - The TSPLIB Symmetric Traveling Salesman Problem Instances},
    title = {http://elib.zib.de/pub/mp-testdata/tsp/tsplib/tsp/index.html},
}

@MISC{compediumnp,
    author = {A compendium of NP optimization problems},
    title = {http://www.nada.kth.se/ ~viggo/problemlist/compendium.html},
}

@book{vapnik,
  title={The nature of statistical learning theory},
  author={Vapnik, V.N.},
  isbn={9780387987804},
  lccn={99039803},
  series={Statistics for engineering and information science},
  url={http://books.google.ro/books?id=sna9BaxVbj8C},
  year={2000},
  publisher={Springer}
}

@article{speech,
 author = {Gordan, Mihaela and Kotropoulos, Constantine and Pitas, Ioannis},
 title = {A support vector machine-based dynamic network for visual speech recognition applications},
 journal = {EURASIP J. Appl. Signal Process.},
 issue_date = {January 2002},
 volume = {2002},
 issue = {1},
 month = {January},
 year = {2002},
 issn = {1110-8657},
 pages = {1248--1259},
 numpages = {12},
 url = {http://dx.doi.org/10.1155/S1110865702207039},
 doi = {http://dx.doi.org/10.1155/S1110865702207039},
 acmid = {1283221},
 publisher = {Hindawi Publishing Corp.},
 address = {New York, NY, United States},
 keywords = {Viterbi lattice, mouth shape recognition, phonemes, support vector machines, visemes, visual speech recognition},
} 

@article{kiczales97,
 author = {Kiczales, Gregor and Hilsdale, Erik},
 title = {Aspect-oriented programming},
 journal = {SIGSOFT Softw. Eng. Notes},
 volume = {26},
 issue = {5},
 month = {September},
 year = {2001},
 issn = {0163-5948},
 pages = {313--},
 url = {http://doi.acm.org/10.1145/503271.503260},
 doi = {http://doi.acm.org/10.1145/503271.503260},
 acmid = {503260},
 publisher = {ACM},
 address = {New York, NY, USA},
 keywords = {AspectC, AspectJ, aspect-oriented software design, aspects, concerns, cross cutting, modularity},
} 

@MISC{asm,
    author = {Object{W}eb: {O}pen {S}ource {M}iddleware},
    title = {http://asm.objectweb.org/},
}


@article{Beasley96AGenetic,
title = "A genetic algorithm for the set covering problem",
journal = "European Journal of Operational Research",
volume = "94",
number = "2",
pages = "392 - 404",
year = "1996",
note = "",
issn = "0377-2217",
doi = "10.1016/0377-2217(95)00159-X",
url = "http://www.sciencedirect.com/science/article/pii/037722179500159X",
author = "J.E Beasley and P.C Chu",
keywords = "Genetic algorithms",
keywords = "Set covering",
keywords = "Combinatorial optimisation"
}

@MISC{Aickelin02anindirect,
    author = {Uwe Aickelin},
    title = { An Indirect Genetic Algorithm for Set Covering Problems},
    year = {2002}
}

@inproceedings{Alon03OnlineSCP,
 author = {Alon, Noga and Awerbuch, Baruch and Azar, Yossi},
 title = {The online set cover problem},
 booktitle = {Proceedings of the thirty-fifth annual ACM symposium on Theory of computing},
 series = {STOC '03},
 year = {2003},
 isbn = {1-58113-674-9},
 location = {San Diego, CA, USA},
 pages = {100--105},
 numpages = {6},
 url = {http://doi.acm.org/10.1145/780542.780558},
 doi = {http://doi.acm.org/10.1145/780542.780558},
 acmid = {780558},
 publisher = {ACM},
 address = {New York, NY, USA},
 keywords = {competitive analysis, derandomization, on-line algorithms, randomized rounding, set-cover},
} 

@article{Alfandari10ClusteredSCP,
  author    = {Laurent Alfandari and
               J{\'e}r{\^o}me Monnot},
  title     = {Approximation of the Clustered Set Covering Problem},
  journal   = {Electronic Notes in Discrete Mathematics},
  volume    = {36},
  year      = {2010},
  pages     = {479-485},
  ee        = {http://dx.doi.org/10.1016/j.endm.2010.05.061},
  bibsource = {DBLP, http://dblp.uni-trier.de}
}

@book{SoftComputingDM09,
 author = {Venugopal, K. R. and Srinivasa, K. G. and Patnaik, L. M.},
 title = {Soft Computing for Data Mining Applications},
 year = {2009},
 isbn = {3642001920, 9783642001925},
 edition = {1st},
 publisher = {Springer Publishing Company, Incorporated},
} 

@book{TFLSC07,
 author = {Castillo, Oscar and Melin, Patricia and Ross, Oscar Montiel and Cruz, Roberto Seplveda and Pedrycz, Witold and Kacprzyk, Janusz},
 title = {Theoretical Advances and Applications of Fuzzy Logic and Soft Computing},
 year = {2007},
 isbn = {3540724338, 9783540724339},
 edition = {1st},
 publisher = {Springer Publishing Company, Incorporated},
} 

@inproceedings{Zoubi,
 author = {Al-Zoubi, Moh'd Belal and Ali, Al-Dahoud and Yahya, Abdelfatah A.},
 title = {Fuzzy clustering-based approach for outlier detection},
 booktitle = {Proceedings of the 9th WSEAS international conference on Applications of computer engineering},
 series = {ACE'10},
 year = {2010},
 isbn = {978-960-474-166-3},
 location = {Penang, Malaysia},
 pages = {192--197},
 numpages = {6},
 url = {http://dl.acm.org/citation.cfm?id=1844114.1844148},
 acmid = {1844148},
 publisher = {World Scientific and Engineering Academy and Society (WSEAS)},
 address = {Stevens Point, Wisconsin, USA},
 keywords = {clustering, clustering-based outliers, data mining, outlier detection},
} 

@article{Zadeh:soft,
 author = {Zadeh, Lotfi A.},
 title = {Fuzzy logic, neural networks, and soft computing},
 journal = {Commun. ACM},
 volume = {37},
 issue = {3},
 month = {March},
 year = {1994},
 issn = {0001-0782},
 pages = {77--84},
 numpages = {8},
 url = {http://doi.acm.org/10.1145/175247.175255},
 doi = {http://doi.acm.org/10.1145/175247.175255},
 acmid = {175255},
 publisher = {ACM},
 address = {New York, NY, USA},
} 





@ARTICLE{x:x,
	AUTHOR = "",
	TITLE = "",
	JOURNAL = "",
	VOLUME = {},
	NUMBER = {},
	PAGES = {},
	MONTH = "",
	YEAR = {}	}

@INPROCEEDINGS{clark:pct,
	AUTHOR = "Malcolm Clark",
	TITLE = "Post Congress Tristesse",
	BOOKTITLE = "TeX90 Conference Proceedings",
	PAGES = "84-89",
	ORGANIZATION = "TeX Users Group",
	MONTH = "March", 
	YEAR = {1991}	}

@BOOK{Lamport:LaTeX,
	AUTHOR = "Leslie Lamport",
	TITLE = "LaTeX User's Guide and Document Reference Manual",
	PUBLISHER = "Addison-Wesley Publishing Company",
	ADDRESS = "Reading, Massachusetts",
	YEAR = "1986"	}

@MISC{ex,
    author = {ee},
    title = {Learning Weights for a Natural Language Grammar Using Genetic Algorithms},
    year = {2002}
}




